<record><leader>00000cas a2200000 a 4500</leader><controlfield tag="001">12815236</controlfield><controlfield tag="008">851118d18831889ksuwr ne      0    0eng d</controlfield><datafield ind1=" " ind2=" " tag="010"><subfield code="a">sn 85066301 </subfield></datafield><datafield ind1=" " ind2=" " tag="040"><subfield code="a">KSH</subfield><subfield code="b">eng</subfield><subfield code="c">KSH</subfield><subfield code="d">NPT</subfield><subfield code="d">OCL</subfield><subfield code="d">OCLCQ</subfield></datafield><datafield ind1=" " ind2=" " tag="042"><subfield code="a">msc</subfield></datafield><datafield ind1="0" ind2="0" tag="245"><subfield code="a">Greenleaf herald.</subfield></datafield><datafield ind1="1" ind2="3" tag="246"><subfield code="a">Greenleaf weekly herald</subfield><subfield code="f">Aug. 15, 1884-May 28, 1887</subfield></datafield><datafield ind1=" " ind2=" " tag="260"><subfield code="a">Greenleaf, Kan. :</subfield><subfield code="b">C.F. Howe,</subfield><subfield code="c">1883-</subfield></datafield><datafield ind1=" " ind2=" " tag="300"><subfield code="a">v. :</subfield><subfield code="b">ill. ;</subfield><subfield code="c">64 cm.</subfield></datafield><datafield ind1=" " ind2=" " tag="310"><subfield code="a">Weekly</subfield></datafield><datafield ind1="0" ind2=" " tag="362"><subfield code="a">Vol. 1, no. 1 (Sept. 14, 1883)-</subfield></datafield><datafield ind1="1" ind2=" " tag="362"><subfield code="a">Ceased with Oct. 9, 1889 issue?</subfield></datafield><datafield ind1=" " ind2=" " tag="500"><subfield code="a">Publisher varies.</subfield></datafield><datafield ind1=" " ind2=" " tag="525"><subfield code="a">Supplements included.</subfield></datafield><datafield ind1=" " ind2=" " tag="752"><subfield code="a">United States</subfield><subfield code="b">Kansas</subfield><subfield code="c">Washington</subfield><subfield code="d">Greenleaf.</subfield></datafield><datafield ind1="0" ind2="5" tag="780"><subfield code="t">Greenleaf safeguard</subfield><subfield code="g">Jan. 27, 1888</subfield><subfield code="w">(DLC)sn 85066312</subfield></datafield><datafield ind1="1" ind2=" " tag="029"><subfield code="a">AU@</subfield><subfield code="b">000022168970</subfield></datafield></record>